<record><leader>00000cas a22000007a 4500</leader><controlfield tag="001">23075199</controlfield><controlfield tag="008">910208d19011908mauwr ne      0    0eng d</controlfield><datafield ind1=" " ind2=" " tag="010"><subfield code="a">sn 89062608 </subfield></datafield><datafield ind1=" " ind2=" " tag="040"><subfield code="a">MGN</subfield><subfield code="b">eng</subfield><subfield code="c">MGN</subfield><subfield code="d">OCLCQ</subfield></datafield><datafield ind1=" " ind2=" " tag="042"><subfield code="a">msc</subfield></datafield><datafield ind1="0" ind2=" " tag="130"><subfield code="a">Independent (Stoneham, Mass.)</subfield></datafield><datafield ind1="1" ind2="4" tag="245"><subfield code="a">The independent.</subfield></datafield><datafield ind1=" " ind2=" " tag="260"><subfield code="a">Stoneham, Mass. :</subfield><subfield code="b">F.L. &amp; E.T. Whittier</subfield></datafield><datafield ind1=" " ind2=" " tag="300"><subfield code="a">v.</subfield></datafield><datafield ind1="0" ind2=" " tag="362"><subfield code="a">Vol. 31, no. 20 (May 18, 1901)-v. 38, no. 28 (July 11, 1908).</subfield></datafield><datafield ind1=" " ind2=" " tag="752"><subfield code="a">United States</subfield><subfield code="b">Massachusetts</subfield><subfield code="c">Middlesex</subfield><subfield code="d">Stoneham.</subfield></datafield><datafield ind1="0" ind2="0" tag="780"><subfield code="t">Stoneham independent (Stoneham, Mass. : 1874)</subfield><subfield code="w">(DLC)sn 83020757</subfield></datafield><datafield ind1="0" ind2="0" tag="785"><subfield code="t">Stoneham independent (Stoneham, Mass. : 1908)</subfield><subfield code="w">(DLC)sn 89062609</subfield></datafield></record>